@article{mullainathan2017machine,
  title={Machine learning: an applied econometric approach},
  author={Mullainathan, Sendhil and Spiess, Jann},
  journal={Journal of Economic Perspectives},
  volume={31},
  number={2},
  pages={87--106},
  year={2017}
}


@article{wilson_family_1971,
	title = {A family of spatial interaction models, and associated developments},
	author = {Wilson, AG},
	year = {1971},
	date = {1971},
	journal = {Environment and Planning},
	pages = {1{\textendash}32},
	volume = {3},
	number = {January},
	doi = {https://doi.org/10.1068/a030001},
	url = {http://www.environment-and-planning.com/epa/fulltext/a03/a030001.pdf},
	note = {Citation Key: wilson{\_}family{\_}1971}
}

@book{rodrigue_geography_2013,
	title = {The Geography of Transport Systems},
	author = {Rodrigue, Jean-Paul and Comtois, Claude and Slack, Brian},
	year = {2013},
	month = {06},
	date = {2013-06-20},
	publisher = {Routledge},
	edition = {3 edition},
	note = {Citation Key: rodrigue{\_}geography{\_}2013},
	address = {London ; New York},
	langid = {English}
}

@article{simini_universal_2012,
	title = {A universal model for mobility and migration patterns},
	author = {Simini, Filippo and {Gonz치lez}, Marta C and Maritan, Amos and {Barab치si}, {Albert-L치szl칩}},
	year = {2012},
	month = {02},
	date = {2012-02},
	journal = {Nature},
	pages = {8{\textendash}12},
	doi = {10.1038/nature10856},
	url = {https://doi.org/10.1038/nature10856},
	note = {Citation Key: simini{\_}universal{\_}2012}
}

@article{wilson_statistical_1967,
	title = {A statistical theory of spatial distribution models},
	author = {Wilson, AG},
	year = {1967},
	date = {1967},
	journal = {Transportation Research},
	pages = {253{\textendash}269},
	volume = {1},
	number = {3},
	note = {Citation Key: wilson{\_}statistical{\_}1967}
}
